@misc{django1,
author = "djangoproject",
howpublished={\url{https://docs.djangoproject.com/en/dev/faq/general/#django-appears-to-be-a-mvc-framework-but-you-call-the-controller-the-view-and-the-view-the-template-how-come-you-don-t-use-the-standard-names}}
}

@misc{x1,
author = {Pocoo},
howpublished={\url{http://flask.pocoo.org/}}
}

@misc{x2,
author = {Pylon},
howpublished={\url{http://www.pylonsproject.org/}}
}
@misc{x3,
author = "Zope",
howpublished={\url{http://grok.zope.org/}}
}

@misc{x4,
author = "Turbogears",
howpublished={\url{http://www.turbogears.org}}
}
@misc{x5,
author = "Oracle",
howpublished={\url{http://www.oracle.com/technetwork/java/javaee/javaserverfaces-139869.html}}
}
@misc{x6,
author = "Apache",
howpublished={\url{http://struts.apache.org/}}
}
@misc{x7,
author = "Cacephp",
howpublished={\url{http://cakephp.org/}}
}
@misc{x8,
author = "Microsoft",
howpublished={\url{http://www.microsoft.com/web/platform/framework.aspx}}
}
@misc{x9,
author = "Rubyonrails",
howpublished={\url{http://rubyonrails.org/}}
}
@misc{x10,
author = "Dogforce",
howpublished={\url{http://docforge.com/wiki/Web_application_framework}}
}
@misc{x11,
author = "Dogforce",
howpublished={\url{http://docforge.com/wiki/Framework}}
}
@misc{x12,
author = "Dajaxproject",
howpublished={\url{http://www.dajaxproject.com/}}
}

@misc{x13,
author = "djangoproject",
howpublished={\url{https://www.djangoproject.com/}}
}

@misc{x14,
author = {Twitter},
howpublished={\url{http://twitter.github.com/bootstrap/}}
}
@misc{x15,
author = {Jquery},
howpublished={\url{http://jquery.com/}}
}
@misc{x16,
author = "Blueprintcss",
howpublished={\url{http://www.blueprintcss.org/}}
}
@misc{x17,
author = "Html5boilerplate",
howpublished={\url{http://html5boilerplate.com/}}
}
@misc{x18,
author = "Zurb",
howpublished={\url{http://foundation.zurb.com/download.php}}
}

@misc{x19,
author = "Zurb",
howpublished={\url{http://osdcpapers.cgpublisher.com/product/pub.84/prod.29/m.1/fid%3D174194/Askins,Green-6934-RailsVsDjango.pdf}}
}